@electronic{httpcookies,
 author = {{Microsoft Developer Network}},
 title = {{HTTP Cookies}},
 year = {Retrieved Jan. 2014},
 howpublished = {\url{http://msdn.microsoft.com/en-us/library/windows/desktop/aa384321\%28v=vs.85\%29.aspx}},
}

@electronic{dntbill,
 author = {Lee, Edmund},
 title = {{Sen. Rockefeller: Get Ready for a Real Do-Not-Track Bill for Online Advertising}},
 booktitle = {{AdAge}},
 year = {Retrieved Jan. 2014},
 howpublished = {\url{http://adage.com/article/digital/sen-rockefeller-ready-a-real-track-bill/227426/}},
}

